@article{exampleReference,
  author       = {Author Name},
  title        = {Publication Title},
  date         = {1999-11},
  journaltitle = {Brain Research Bulletin},
  shortjournal = {Brain Research Bulletin},
  volume       = {50},
  number       = {5-6},
  pages        = {303--304},
  urldate      = {2024-03-20},
  langid       = {english}
}
